@book{EstudioTurismoenterritoriosruralesdeBogotá,
    author = {Maria Paula Tovar Cuervo, Luz Stella Beltrán Lammoglia},
    title ={ESTUDIO TURISMO EN TERRITORIOS RURALES DE BOGOTÁ},
    publisher = {Instituto distrital de turismo},
    year = {2023}
}
@misc{hotelesReseñasNeg,
    title={Hoteles y restaurantes implantan una tecnología para ocultar reseñas negativas},
    author={Mariel Delgado},
    journal={el confidencial digital},
    year={2024}
}
@misc{NomDig,
    title ={The Digital Nomad} ,
    author = {Tsugio Makimoto,David Manners},
    year = {1997}
}

@misc{MetAgil,
    title ={Introduction to Agile Methods} ,
    author = {Sondra Ashmore, Kristin Runyan},
    year = {2014}
}
@misc{Scrum,
    title ={Agile Project Management with Scrum} ,
    author = {Ken Schwaber},
    year = {2004}
}

@misc{web,
    title ={Web Development with HTML, CSS, JavaScript, and jQuery} ,
    author = {Jon Duckett},
    year = {2014}
}

@misc{modeloNegocio,
    title ={Business Model Generation: A Handbook for Visionaries, Game Changers, and Challengers} ,
    author = {Alexander Osterwalder, Yves Pigneur},
    year = {2010}
}


@misc{NomDig, 
    title={Nómadas Digitales}, url={http://sedici.unlp.edu.ar/bitstream/handle/10915/148537/Documento_completo.pdf-PDFA.pdf?sequence=1&isAllowed=y}, 
    journal={Universidad Nacional De La Plata}, 
    author={Verónica S. Arizcuren}, 
    year={2020}, 
    month={11} 
}


@misc{InboundMarketing,
    title={​Inbound marketing, ¿por dónde empezar y qué necesitas saber?},
    url={https://www.smartcommerce21.com/blog/empezar-inbound-marketing},
    journal={Smartcommerce21.com},
    author={Oriol Maynés},
    year={2018},
    month={11},
}
@misc{UAESP, 
    title={MODELO DE APROVECHAMIENTO}, url={https://www.uaesp.gov.co/sites/default/files/20210420_Modelo_de_aprovechamiento.pdf}, 
    journal={Unidad Administrativa Especial de Servicios Públicos}, 
    author={UAESP}, 
    year={2021}, 
    month={3} 
}

@article{crecimiento_nomadas_digitales,
  author = {Juan Martinez},
  journal = {The Rio Times},
  title = {The Rise of Medellín, Bogotá, and Santa Marta as Colombia’s Digital Nomad Hubs},
  year = {2025},
  url = {https://www.riotimesonline.com/the-rise-of-medellin-bogota-and-santa-marta-as-colombias-digital-nomad-hubs/},
  month = {April},

}
@misc{volumen_nomadas_digitales,
  title = {Colombia Gets Ready to Welcome Thousands of US Digital Nomads},
  year = {2025},
  url={https://www.colombianpassport.com/newsroom/colombia-gets-ready-to-welcome-thousands-of-us-digital-nomads},
}
@misc{entorno_nomadas_digitales,
  title = {Find your perfect city.},
  year = {2025},
  url={https://nomalgo.com/cities/bogota},
}

@misc{OIT, 
    title={Perspectivas sociales y del empleo en el mundo}, url={https://www.ilo.org/global/research/global-reports/weso/trends2021/lang--es/index.htm}, 
    journal={Organización Internacional del Trabajo}, 
    author={OIT}, 
    year={2021}, 
    month={1} 
}
@misc{AB, 
    title={Decreto 092 de 24 de marzo del 2020}, url={https://bogota.gov.co/mi-ciudad/salud/coronavirus/conoce-el-decreto-092-de-cuarentena-obligatoria-en-bogota}, 
    journal={Alcaldía de Bogotá}, 
    author={Daniel Febres Cordero}, 
    year={2020}, 
    month={3} 
}

@misc{FAO2, 
    title={Pérdidas y desperdicios de alimentos en América Latina y el Caribe}, url={https://www.fao.org/americas/noticias/ver/es/c/239393/}, 
    journal={Food and Agriculture Organization of the unites Nations}, 
    author={Raúl Benítez}, 
    year={2023}, 
    month={2} 
}
@book{administracion-estrategica,
  author = {Thomson, Arthur A. and Strickland, A. J. and Gamble, John E.},
  title = {Administración Estratégica: Formulación, Implementación y Control de la Estrategia},
  editor = {Jesús Mares Chacón},
  publisher = {McGraw-Hill},
  year = {2012}
}
@article{factores-exito,
  author = {Gil Osorio, Ivonne María and Ibarra Lopesierra, Sait},
  number = {2},
  title = {Incidencia del liderazgo en los factores críticos del éxito como estrategia competitiva empresarial},
  volume = {12},
  year = {2014},
  url={ http://www.scielo.org.co/scielo.php?script=sci_arttext&pid=S1692-85632014000200010&lng=en&tlng=es.},
  journal = {Dimensión Empresarial},
}
@article{DOFA,
  author = {Ponce Talancón, H.},
  journal = {Enseñanza e Investigación en Psicología},
  number = {1},
  title = {La matriz FODA: Alternativa de diagnóstico y determinación de estrategias de intervención en diversas organizaciones},
  volume = {12},
  year = {2007},
  url={https://www.redalyc.org/articulo.oa?id=29212108}
}

    
@book{PlanDeNegocio,
    title = {Entendiendo el Plan De Negocios: Una herramienta para entender mejor la importancia del Plan de Negocios en la actualidad},
    year = {2007},
    author={Viniegra, S}
}
@book{ModelDeNegocio,
    title = {Generación de modelos de negocio: Un manual para visionarios, revolucionarios y retadores},
    year = {2010},
    author={Osterwalder, A and Pigneur, Y}
}

@inproceedings{webEngineer,
    author = {Murugesan, San and Deshpande, Yogesh and Hansen, Steve and Ginige, Athula},
    year = {2001},
    month = {01},
    pages = {3-13},
    title = {Web Engineering: A New Discipline for Development of Web-Based Systems.},
    isbn = {978-3-540-42130-6},
    journal = {LNCS},
    doi = {10.1007/3-540-45144-7_2}
}

//////////
@article{MetodologiaLean,
  author = {LLAMAS FERNANDEZ, Francisco Javier  and  FERNANDEZ RODRIGUEZ, Juan Carlos},
  journal = {Revista EAN},
  number = {84},
  title = {La metodología Lean Startup: desarrollo y aplicación para el emprendimiento},
  volume = {},
  year = {2018}
}

@misc{forbesCol, 
    title={Industria del software: un sector con visión de crecimiento}, url={https://forbes.co/2021/07/09/red-forbes/industria-del-software-un-sector-con-vision-de-crecimiento/}, 
    journal={Forbes Colombia}, 
    author={Jorge Enrique Cote}, 
    year={2021}, 
    month={7} 
}


@misc{piedrahita_2018, 
    title={La clave es el “software”}, 
    url={https://www.semana.com/opinion/articulo/industria-del-software-en-colombia-columna-de-esteban-piedrahita/587171/}, 
    journal={Semana.com Últimas Noticias de Colombia y el Mundo}, 
    publisher={Revista Semana}, 
    author={Piedrahita}, 
    year={2018}, 
    month={10} 
}


@article{Taborda, 
    title={Análisis prospectivo de la industria de desarrollo de software en Colombia}, 
    volume={10}, 
    url={https://journal.poligran.edu.co/index.php/puntodevista/article/view/1415}, 
    DOI={10.15765/pdv.v11i16.1415}, 
    abstractNote={&amp;lt;p&amp;gt;El propósito de esta investigación es identificar estrategias encaminadas a fortalecer la industria de desarrollo de software en Colombia; para lograr eso se utilizó el método francés de Michael Godet del análisis estructural prospectivo, y así se obtuvo una serie de tendencias con sus respectivas variables y comportamientos de las cuales se analizan el top 10 de mayor impacto. De este análisis se encontró que las empresas colombianas poseen la ventaja de ser veloces, agiles y eficientes para atender los rápidos, constantes y críticos cambios en todo el ciclo de vida del software. &amp;lt;/p&amp;gt;}, 
    number={16}, 
    journal={Punto de vista}, 
    author={Piña Taborda, Jessica and Castaño Ospina, Diana Marcela and Hernández Díaz, Leonardo Enrique and Garro Torres, Juan David}, 
    year={2020}, 
    month={7} 
}
    
@book{Battaglio,
    title = {Public Human Resource Management: Strategies and Practices in the 21st Century},
    year = {2017},
    author={Battaglio, P}

}

@article{Pedreros, 
    title={La rotación de profesionales especializados en la industria de desarrollo de software en Colombia}, 
    volume={10}, 
    url={http://hdl.handle.net/10654/41096}, 
    journal={Repositorio Instituciona UMNG. Universidad Militar Nueva Granada}, 
    author={Pedreros Victor}, 
    year={2022}, 
    month={2} 
}


@misc{valora, 
    title={¿Alta rotación y fuga de talento? Esta es la solución en su empresa}, 
    url={https://www.valoraanalitik.com/2021/09/10/alta-rotacion-y-fuga-de-talento-esta-es-la-solucion-en-su-empresa/}, 
    journal={Valora Analitik}, 
    publisher={Valora Analitik}, 
    author={Valora}, 
    year={2021}, 
    month={9} 
}

@misc{Tomaszewski, 
    title={Resume Statistics 2022 (Analysis of 133,000 Documents)}, 
    url={https://zety.com/blog/resume-statistics}, 
    journal={zety}, 
    publisher={Zety}, 
    author={Tomaszewski, Michael}, 
    year={2022}, 
    month={3} 
}

@book{chiavenato, 
    title={Gestión del Talento Humano (3ª. edición)}, 
    url={https://jgestiondeltalentohumano.files.wordpress.com/2013/11/gestion-del-talentohumano-idalberto-chiavenato-3th.pdf}, 
    journal={McGraw Hill.}, 
    author={Chiavenato, I.}, 
    year={2009}, 
}
@misc{team_colombia_2016,
    title={Reclutamiento Social en Colombia}, url={https://www.bizlatinhub.com/es/reclutamiento-social-colombia/},
    journal={Biz Latin Hub},
    author={Biz Latin Hub},
    year={2016},
    month={2}
}

@article{villaran,
  title={Plan de negocios},
  author={Villar{\'a}n, Karen Weinberger},
  journal={Herramientas para evaluar la viabilidad de un negocio, USAID Per{\'u} y Ministerio de la Producci{\'o}n, Per{\'u}},
  year={2009}
}

@misc{MinticProf, 
    url={https://talentodigital.mintic.gov.co/635/w3-propertyvalue-15241.html}, 
    journal={Mintic.gov.co}, 
    author={Mintic},
    year={2014} 
}

@article{pruebasTec,
  title={La selecci{\'o}n de personal basada en competencias y su relaci{\'o}n con la eficacia organizacional},
  author={Gumucio, J Ricardo L{\'o}pez},
  journal={Perspectivas},
  number={26},
  pages={129--152},
  year={2010},
  publisher={Universidad Cat{\'o}lica Boliviana San Pablo}
}


@misc{recursos, 
    title={Los Recursos Humanos: repasemos los conceptos - Factorial}, 
    url={https://factorialhr.co/blog/los-recursos-humanos/}, 
    journal={Factorial Blog}, 
    author={Sofía, Ana}, 
    year={2022}, 
    month={Mar} 
}

@article{rotacion,
  title={Propuesta para reducir la rotaci{\'o}n de personal},
  author={L{\'o}pez, Juan},
  journal={Revista Vinculando},
  year={2011}
}

@misc{antoniogarciacandil,
    title={Git - Como gestionar y cuidar nuestro código},
    url={https://www.enmilocalfunciona.io/git-como-gestionar-y-cuidar-nuestro-codigo/},
    journal={Enmilocalfunciona},
    publisher={Enmilocalfunciona},
    author={Antonio Garcia Candil},
    year={2018},
    month={Jun}
 }

@misc{clickupTM,
    title={clickupTM}, url={https://clickup.com/about}, journal={Clickup.com},
    year={2017}
}

@misc{facchin_2020,
    title={¿Qué es el Modelo Canvas y cómo crear el de tu negocio? Plantilla}, url={https://josefacchin.com/modelo-canvas-de-negocio/}, journal={El Blog de José Facchin},
    author={José Facchin}, year={2020},
    month={Jan}
}